<?xml version="1.0" encoding="UTF-8"?>
<collection xmlns:xsi="http://www.w3.org/2001/XMLSchema-instance" xsi:schemaLocation="http://www.loc.gov/MARC21/slim http://www.loc.gov/standards/marcxml/schema/MARC21slim.xsd" xmlns="http://www.loc.gov/MARC21/slim">
<record>
  <leader>00892cam a2200289M  4500</leader>
  <controlfield tag="001">2983831</controlfield>
  <controlfield tag="003">NNC</controlfield>
  <controlfield tag="005">20150817132407.0</controlfield>
  <controlfield tag="008">890228s1970    iq       b    000 0 ara  </controlfield>
  <datafield tag="010" ind1=" " ind2=" ">
    <subfield code="a">   72203472 </subfield>
  </datafield>
  <datafield tag="035" ind1=" " ind2=" ">
    <subfield code="a">(OCoLC)ocm23498693</subfield>
  </datafield>
  <datafield tag="035" ind1=" " ind2=" ">
    <subfield code="9">ASN1018CU</subfield>
  </datafield>
  <datafield tag="035" ind1=" " ind2=" ">
    <subfield code="a">(NNC)2983831</subfield>
  </datafield>
  <datafield tag="040" ind1=" " ind2=" ">
    <subfield code="a">DLC</subfield>
    <subfield code="c">EYM</subfield>
    <subfield code="d">CUY</subfield>
    <subfield code="d">ZCU</subfield>
  </datafield>
  <datafield tag="043" ind1=" " ind2=" ">
    <subfield code="a">a-iq---</subfield>
  </datafield>
  <datafield tag="050" ind1=" " ind2="4">
    <subfield code="a">PJ 7541</subfield>
    <subfield code="b">.D52</subfield>
  </datafield>
  <datafield tag="090" ind1=" " ind2=" ">
    <subfield code="a">PJ7541</subfield>
    <subfield code="b">.D38</subfield>
  </datafield>
  <datafield tag="100" ind1="1" ind2=" ">
    <subfield code="a">Daywahʹchī, Saʻīd.</subfield>
  </datafield>
  <datafield tag="245" ind1="1" ind2="0">
    <subfield code="a">Ashʻār al-tarqīṣ ʻinda al-ʻArab.</subfield>
  </datafield>
  <datafield tag="260" ind1=" " ind2=" ">
    <subfield code="a">Baghdād</subfield>
    <subfield code="b">Mudīrīyat al-Thaqāfah al-ʻĀmmah</subfield>
    <subfield code="c">1970</subfield>
  </datafield>
  <datafield tag="300" ind1=" " ind2=" ">
    <subfield code="a">121 p.</subfield>
    <subfield code="c">24 cm.</subfield>
  </datafield>
  <datafield tag="490" ind1="1" ind2=" ">
    <subfield code="a">Silsilat al-funūn al-shaʻbīyah ;</subfield>
    <subfield code="v">1</subfield>
  </datafield>
  <datafield tag="504" ind1=" " ind2=" ">
    <subfield code="a">Bibliography: p. 101-104.</subfield>
  </datafield>
  <datafield tag="650" ind1=" " ind2="0">
    <subfield code="a">Arabic poetry</subfield>
    <subfield code="x">History and criticism.</subfield>
  </datafield>
  <datafield tag="650" ind1=" " ind2="0">
    <subfield code="a">Arabic poetry</subfield>
    <subfield code="z">Iraq</subfield>
    <subfield code="z">Mosul</subfield>
    <subfield code="x">History and criticism.</subfield>
  </datafield>
  <datafield tag="830" ind1=" " ind2="0">
    <subfield code="a">Silsilat al-funūn al-shaʻbīyah ;</subfield>
    <subfield code="v">1.</subfield>
  </datafield>
  <datafield tag="955" ind1=" " ind2=" ">
    <subfield code="b">0036760471</subfield>
    <subfield code="d">glx</subfield>
    <subfield code="e">PJ7541 .D38</subfield>
  </datafield>
</record>
</collection>